@TechReport{opamp,
	author = {Dipl.-Ing. Jürgen Köhler},
	title = {Operationsverstärker (OpAmp) in der Praxis},
	date = {28.01.2004},
}

@manual{datasheet:atmega,
  title         = {ATmega8-Datasheet},
  organization  = {Atmel},
  year			= {2003}
}

@manual{datasheet:ultraschall,
  title         = {Ultrasonic-Sensor Application Manual},
  organization  = {muRata Manufacturing},
  year			= {2003},
  number		= {S15E-5}
}


@Online{web:levelshifter,
	author = {HobbyTronics Ltd},
	title = {Bi-Directional MOSFET Voltage Level Converter 3.3V to 5V},
	url = {http://www.hobbytronics.co.uk/mosfet-voltage-level-converter},
	date = {23.06.2015}
}

@Online{web:transe,
	author = {Patrick Schnabel, Elektronik-Kompendium.de},
	title = {Bipolarer Transistor},
	url = {http://www.elektronik-kompendium.de/sites/bau/0201291.htm},
	date = {23.06.2015}
}

@Online{web:ausgang,
	author = {Mikrocontroller.net},
	title = {Ausgangsstufen Logik-ICs},
	url = {http://www.mikrocontroller.net/articles/Ausgangsstufen_Logik-ICs},
	date = {23.06.2015}
}